<?xml version="1.0" encoding="UTF-8"?><collection xmlns="http://www.loc.gov/MARC21/slim"><record><leader>00512nam--2200193-u-4500</leader><controlfield tag="001">000052825</controlfield><controlfield tag="002">20161230</controlfield><controlfield tag="005">20161230201050</controlfield><controlfield tag="008">101122s1000------------r-----000-0-rum-d</controlfield><datafield ind1=" " ind2=" " tag="040"><subfield code="a">IFIN-HH</subfield></datafield><datafield ind1="0" ind2=" " tag="041"><subfield code="a">rum</subfield></datafield><datafield ind1=" " ind2=" " tag="080"><subfield code="a">538.9</subfield></datafield><datafield ind1="1" ind2=" " tag="100"><subfield code="a">Tolea, Mugurel</subfield></datafield><datafield ind1="1" ind2="0" tag="245"><subfield code="a">Transport dependent de spin in sisteme mezoscopice</subfield><subfield code="b">Teza</subfield><subfield code="c">Mugurel tolea</subfield></datafield><datafield ind1=" " ind2=" " tag="260"><subfield code="a">Bucuresti</subfield><subfield code="b">Ifa</subfield><subfield code="c">2010</subfield></datafield><datafield ind1=" " ind2=" " tag="300"><subfield code="a">87P</subfield></datafield><datafield ind1=" " ind2=" " tag="502"><subfield code="a">Coordonator: Dr. Alexandru Aldea, Cpi</subfield></datafield><datafield ind1=" " ind2=" " tag="852"><subfield code="a">82303</subfield><subfield code="c">538.9</subfield></datafield><datafield ind1=" " ind2=" " tag="CAT"><subfield code="a">Sys</subfield><subfield code="c">20110211</subfield><subfield code="h">112036</subfield></datafield></record></collection>